@book{reference,title="Awk and Sed examples",author="The UniX School"}


